 @article{Ghomi,
	title = {Load-balancing algorithms in cloud computing: {A} survey},
	volume = {88},
	issn = {10848045},
	shorttitle = {Load-balancing algorithms in cloud computing},
	url = {https://linkinghub.elsevier.com/retrieve/pii/S1084804517301480},
	doi = {10.1016/j.jnca.2017.04.007},
	abstract = {Cloud computing is a modern paradigm to provide services through the Internet. Load balancing is a key aspect of cloud computing and avoids the situation in which some nodes become overloaded while the others are idle or have little work to do. Load balancing can improve the Quality of Service (QoS) metrics, including response time, cost, throughput, performance and resource utilization.},
	language = {en},
	urldate = {2022-07-26},
	journal = {Journal of Network and Computer Applications},
	author = {Jafarnejad Ghomi, Einollah and Masoud Rahmani, Amir and Nasih Qader, Nooruldeen},
	month = jun,
	year = {2017},
	pages = {50--71},
	file = {Jafarnejad Ghomi et al. - 2017 - Load-balancing algorithms in cloud computing A su.pdf:/Users/nickl93/Zotero/storage/WKFZM9IK/Jafarnejad Ghomi et al. - 2017 - Load-balancing algorithms in cloud computing A su.pdf:application/pdf},
}

 @misc{southbound, title={Southbound: Protocol, Providers, drivers}, url={https://wiki.onosproject.org/display/ONOS/Southboun\%3A+Protocol\%2C+Providers\%2C+Drivers}, journal={Open Network Operating System (ONOS) Wiki}, publisher={Open Networking Foundation}, author={Campanella, Andrea}, year={2016}, month={Apr}} 
 

@inproceedings{LoadBalancer,
  title={Load balancer as a service in cloud computing},
  author={Rahman, Mazedur and Iqbal, Samira and Gao, Jerry},
  booktitle={2014 IEEE 8th international symposium on service oriented system engineering},
  pages={204--211},
  year={2014},
  organization={IEEE}
}
  
@article{SDN,
  title={A survey on software-defined network and openflow: From concept to implementation},
  author={Hu, Fei and Hao, Qi and Bao, Ke},
  journal={IEEE Communications Surveys \& Tutorials},
  volume={16},
  number={4},
  pages={2181--2206},
  year={2014},
  publisher={IEEE}
}
  
@article{OpenFlow,
  title={OpenFlow: enabling innovation in campus networks},
  author={McKeown, Nick and Anderson, Tom and Balakrishnan, Hari and Parulkar, Guru and Peterson, Larry and Rexford, Jennifer and Shenker, Scott and Turner, Jonathan},
  journal={ACM SIGCOMM computer communication review},
  volume={38},
  number={2},
  pages={69--74},
  year={2008},
  publisher={ACM New York, NY, USA}
}
  
@article{loadBalancingAlgorithms,
title={Load-balancing algorithms in cloud computing: A survey},
author={Ghomi, Einollah Jafarnejad and Rahmani, Amir Masoud and Qader, Nooruldeen Nasih},
journal={Journal of Network and Computer Applications},
volume={88},
pages={50--71},
year={2017},
publisher={Elsevier}
}

@misc{Mininet, 
title={Mininet: Rapid Prototyping for Software Defined Networks}, url={https://github.com/mininet/mininet} 
 }
 
@inproceedings{ONOS,
  title={ONOS: towards an open, distributed SDN OS},
  author={Berde, Pankaj and Gerola, Matteo and Hart, Jonathan and Higuchi, Yuta and Kobayashi, Masayoshi and Koide, Toshio and Lantz, Bob and O'Connor, Brian and Radoslavov, Pavlin and Snow, William and others},
  booktitle={Proceedings of the third workshop on Hot topics in software defined networking},
  pages={1--6},
  year={2014}
}
 
@misc{k6,
    title={grafana/k6: A modern load testing tool, using Go and JavaScript}, url={https://github.com/grafana/k6}
}
 
 @article{WeightedRoundRobin,
  title={Weighted round-robin cell multiplexing in a general-purpose ATM switch chip},
  author={Katevenis, Manolis and Sidiropoulos, Stefanos and Courcoubetis, Costas},
  journal={IEEE Journal on selected Areas in Communications},
  volume={9},
  number={8},
  pages={1265--1279},
  year={1991},
  publisher={IEEE}
}

@article{PerformanceAnalysis1,
  title={Performance analysis of load balancing algorithms},
  author={Sharma, Sandeep and Singh, Sarabjit and Sharma, Meenakshi},
  journal={International Journal of Civil and Environmental Engineering},
  volume={2},
  number={2},
  pages={367--370},
  year={2008},
  publisher={Citeseer}
}
 
 @article{LoadBalancingAlgorithms2,
  author    = {Mayanka Katyal and
               Atul Mishra},
  title     = {A Comparative Study of Load Balancing Algorithms in Cloud Computing
               Environment},
  journal   = {CoRR},
  volume    = {abs/1403.6918},
  year      = {2014},
  url       = {http://arxiv.org/abs/1403.6918},
  eprinttype = {arXiv},
  eprint    = {1403.6918},
  timestamp = {Mon, 13 Aug 2018 16:47:40 +0200},
  biburl    = {https://dblp.org/rec/journals/corr/KatyalM14a.bib},
  bibsource = {dblp computer science bibliography, https://dblp.org}
}


@inproceedings {Maglev,
author = {Daniel E. Eisenbud and Cheng Yi and Carlo Contavalli and Cody Smith and Roman Kononov and Eric Mann-Hielscher and Ardas Cilingiroglu and Bin Cheyney and Wentao Shang and Jinnah Dylan Hosein},
title = {Maglev: A Fast and Reliable Software Network Load Balancer},
booktitle = {13th USENIX Symposium on Networked Systems Design and Implementation (NSDI 16)},
year = {2016},
isbn = {978-1-931971-29-4},
address = {Santa Clara, CA},
pages = {523--535},
url = {https://www.usenix.org/conference/nsdi16/technical-sessions/presentation/eisenbud},
publisher = {USENIX Association},
month = mar,
}

@article{CloudComputing,
  title={Load balancing in cloud computing--A hierarchical taxonomical classification},
  author={Afzal, Shahbaz and Kavitha, G},
  journal={Journal of Cloud Computing},
  volume={8},
  number={1},
  pages={1--24},
  year={2019},
  publisher={Springer}
}

@article{saisagar2017sdn,
  title={SDN enabled packet-based load-balancing (PLB) technique in data center networks},
  author={Saisagar, J and Kothari, D and Kothari, R and Chakravarthy, V},
  journal={ARPN J. Eng. Appl. Sci},
  volume={12},
  number={16},
  pages={4762--4768},
  year={2017}
}

@inproceedings{performanceSDN,
  title={Performance Evaluation of Load Balancing Algorithms for SDN},
  author={Giri, Nupur and Kukreja, Vikas and Panchi, Dinesh and Sajnani, Jatin and Seedani, Hitesh},
  booktitle={2018 Fourth International Conference on Computing Communication Control and Automation (ICCUBEA)},
  pages={1--4},
  year={2018},
  organization={IEEE}
}

@misc{onosPrework, 
title={MastershipLoadBalancer.java}, url={https://github.com/opennetworkinglab/onos/blob/master/apps/mlb/src/main/java/org/onosproject/mlb/MastershipLoadBalancer.java} 
 }
 
@misc{BIG-IP, 
title={F5 BIG-IP iSeries Platform}, url={https://www.f5.com/products/big-ip-services/iseries-appliance}}

@misc{awsALB, 
title={elastic load balancing}, url={https://docs.aws.amazon.com/elasticloadbalancing/latest/userguide/elb-ug.pdf}}

@misc{nginxPlus, 
title={NGINX Plus}, url={https://docs.nginx.com/nginx/admin-guide/load-balancer/http-load-balancer/}}

 @misc{onosAPI, title={ONOS Java API (2.7.0)}, url={https://api.onosproject.org/2.7.0/apidocs/}
 }

@techreport{OSS,
  added-at = {2014-12-10T16:12:02.000+0100},
  author = {{ONF}},
  biburl = {https://www.bibsonomy.org/bibtex/2be2a2de73bbb71942ac343b81582ce5b/chesteve},
  institution = {Open Networking Foundation},
  interhash = {dcb228cd5ebc1542052655c2ca7b4652},
  intrahash = {be2a2de73bbb71942ac343b81582ce5b},
  keywords = {imported},
  month = {8},
  timestamp = {2014-12-10T16:12:02.000+0100},
  title = {{OpenFlow} Switch Specification},
  url = {https://www.opennetworking.org/images/stories/downloads/sdn-resources/onf-specifications/openflow/openflow-spec-v1.4.0.pdf},
  year = 2013
}

@misc{slack, title={Slack}, url={https://slack.com/intl/en-au/}
 }

@misc{zoom, title={Zoom}, url={https://zoom.us/}
 }

@misc{clickup, title={ClickUp}, url={https://clickup.com/}
 }

@misc{googDrive, title={Google Drive}, url={https://drive.google.com/}
 }

@misc{github, title={GitHub}, url={https://github.com/}
 }

 @misc{overleaf, title={Overleaf}, url={https://overleaf.com/}
 }

 @misc{andreessen_2011, title={Why software is eating the world}, url={https://www.wsj.com/articles/SB10001424053111903480904576512250915629460}, journal={The Wall Street Journal}, publisher={Dow Jones &amp; Company}, author={Andreessen, Marc}, year={2011}, month={8}} 
 
@misc{goasduff_2021, title={Gartner says cloud will be the centerpiece of new digital experiences}, url={https://www.gartner.com/en/newsroom/press-releases/2021-11-10-gartner-says-cloud-will-be-the-centerpiece-of-new-digital-experiences}, journal={Gartner}, publisher={Gartner, Inc.}, author={Goasduff, Laurence}, year={2021}, month={11}} 

@misc{onos_repo, title={ONOS/apps at master · opennetworkinglab/onos}, url={https://github.com/opennetworkinglab/onos/tree/master/apps}, journal={opennetworkinglab/onos}, publisher={Open Networking Lab}, year={2022}, month={8}} 
   
@misc{sdn_wp, title={Software-defined networking: The new Norm For Networks}, url={https://opennetworking.org/sdn-resources/whitepapers/software-defined-networking-the-new-norm-for-networks/}, journal={Open Networking Foundation}, publisher={Open Networking Foundation}, year={2017}, month={6}} 
    
@misc{bazel_2022, url={https://bazel.build/}, journal={Bazel}, publisher={Google, Inc.}, year={2022}} 
     
@misc{flask, title={Welcome to flask¶}, url={https://flask.palletsprojects.com/}, journal={Welcome to Flask - Flask Documentation (2.2.x)}, publisher={Pallets Project}, author={Ronacher, Armin}, year={2022}}

 @misc{market_share, title={Global Load Balancers Technologies' market share 2021}, url={https://www.statista.com/statistics/1258485/load-balancers-software-market-share-technology-worldwide/}, journal={Statista}, publisher={Statista}, author={Vailshery, Lionel Sujay}, year={2022}, month={2}} 
 
  @misc{hunt_2016, title={Gui Topology View}, url={https://wiki.onosproject.org/display/ONOS/GUI+Topology+View}, journal={Open Network Operating System - Wiki}, publisher={Open Networking Lab}, author={Hunt, Simon}, year={2016}, month={8}} 
  
   @misc{kemp_2022, title={Source IP hash load balancing - load balancing glossary}, url={https://kemptechnologies.com/glossary/source-ip-hash-load-balancing}, journal={Kemp}, publisher={Kemp}, year={2022}} 